@book{zuckerkandl1965evolving,
  title={Evolving genes and proteins},
  author={Zuckerkandl, Emile and Pauling, Linus and Bryson, V and Vogel, HJ},
  publisher = {Elsevier Inc.},
  year={1965}
}


@article{hubby1966molecular,
  title={A molecular approach to the study of genic heterozygosity in natural populations. I. The number of alleles at different loci in Drosophila pseudoobscura},
  author={Hubby, Jack L and Lewontin, Richard C},
  journal={Genetics},
  volume={54},
  number={2},
  pages={577},
  year={1966},
  publisher={Genetics Society of America}
}

@article{narise1966purification,
  title={Purification of esterase-5 from Drosophila pseudoobscura},
  author={Narise, Sumiko and Hubby, John L},
  journal={Biochimica et Biophysica Acta (BBA)-Enzymology and Biological Oxidation},
  volume={122},
  number={2},
  pages={281--288},
  year={1966},
  publisher={Elsevier}
}

@article{fincham1968genetic,
  title={Genetic complementation},
  author={Fincham, JRS},
  journal={Science Progress (1933-)},
  pages={165--177},
  year={1968},
  publisher={JSTOR}
}

@article{wright1931evolution,
  title={Evolution in Mendelian populations},
  author={Wright, Sewall},
  journal={Genetics},
  volume={16},
  number={2},
  pages={97},
  year={1931},
  publisher={Genetics Society of America}
}

@book{mayr1965animal,
  title={Animal Species and Evolution. 2nd edn. Vol. 211},
  author={Mayr, E},
  year={1965},
  publisher={The Belknap Press of Harvard University Press}
}
